@book{OLD_36_SOLAR,
    title = {{2019 International Conference on Computer and Information Sciences (ICCIS) : Jouf University - Aljouf - kingdom of Saudi Arabia, 03 - 04 April 2019.}},
    year = {2019},
    author = {{Jouf University} and {Institute of Electrical and Electronics Engineers}},
    isbn = {9781538681251}
}

@misc{OLD_1_SOLAR,
    title = {{A comprehensive study on different types of faults and detection techniques for solar photovoltaic system}},
    year = {2017},
    booktitle = {Solar Energy},
    author = {Madeti, Siva Ramakrishna and Singh, S. N.},
    pages = {161--185},
    volume = {158},
    publisher = {Elsevier Ltd},
    doi = {10.1016/j.solener.2017.08.069},
    issn = {0038092X},
    keywords = {Different faults, Fault detection techniques, Photovoltaic systems}
}

@article{OLD_20_WIND,
    title = {{Analysis of SCADA data for early fault detection, with application to the maintenance management of wind turbines}},
    year = {2018},
    journal = {Renewable Energy},
    author = {Bangalore, P. and Patriksson, M.},
    pages = {521--532},
    volume = {115},
    publisher = {Elsevier Ltd},
    doi = {10.1016/j.renene.2017.08.073},
    issn = {18790682},
    keywords = {Artificial neural network (ANN), Condition monitoring system (CMS), Maintenance scheduling, Supervisory control and data acquisition (SCADA), Wind turbine, mathematical optimization model}
}

@misc{AZURE_MACHINE_LEARNING,
    title = {{Azure Machine Learning}},
    author = {{Microsoft}},
    url = {https://docs.microsoft.com/en-us/azure/machine-learning/overview-what-is-azure-machine-learning}
}

@article{OLD_21_WIND,
    title = {{Bayesian state prediction of wind turbine bearing failure}},
    year = {2018},
    journal = {Renewable Energy},
    author = {Herp, Jürgen and Ramezani, Mohammad H. and Bach-Andersen, Martin and Pedersen, Niels L. and Nadimi, Esmaeil S.},
    month = {2},
    pages = {164--172},
    volume = {116},
    publisher = {Elsevier Ltd},
    doi = {10.1016/j.renene.2017.02.069},
    issn = {18790682},
    keywords = {Bayesian inference, Classification, Data driven, Fault prediction, Machine learning, Wind turbines}
}

@misc{CGIRMS,
    title = {{CGI RMS}},
    author = {{CGI IT Portugal}},
    publisher = {CGI IT Portugal},
    address = {Lisbon, Portugal}
}

@misc{OLD_8,
    title = {{CGI RMS Website}},
    author = {{CGI IT Portugal}},
    url = {https://www.cgi.com/en/solutions/renewables-management-system}
}

@misc{OLD_18_WIND,
    title = {{Deep Learning for fault detection in wind turbines}},
    year = {2018},
    booktitle = {Renewable and Sustainable Energy Reviews},
    author = {Helbing, Georg and Ritter, Matthias},
    month = {12},
    pages = {189--198},
    volume = {98},
    publisher = {Elsevier Ltd},
    doi = {10.1016/j.rser.2018.09.012},
    issn = {18790690},
    keywords = {Artificial neural network, Condition monitoring, Deep Learning, Fault detection, Wind turbine}
}

@misc{OLD_29_WIND,
    title = {{Energy Gov - Wind}},
    year = {2014},
    month = {6},
    url = {https://www.energy.gov/articles/how-wind-turbine-works}
}

@misc{43_WIND,
    title = {{Fault analysis of wind turbines in China}},
    year = {2016},
    booktitle = {Renewable and Sustainable Energy Reviews},
    author = {Lin, Yonggang and Tu, Le and Liu, Hongwei and Li, Wei},
    month = {3},
    pages = {482--490},
    volume = {55},
    publisher = {Elsevier Ltd},
    doi = {10.1016/j.rser.2015.10.149},
    issn = {18790690},
    keywords = {Failure, Fault analysis, Reliability, Wind turbine}
}

@article{40_WIND,
    title = {{Fault classification and detection in wind turbine using Cuckoo-optimized support vector machine}},
    year = {2019},
    journal = {Neural Computing and Applications},
    author = {Agasthian, A. and Pamula, Rajendra and Kumaraswamidhas, L. A.},
    number = {5},
    month = {5},
    pages = {1503--1511},
    volume = {31},
    publisher = {Springer London},
    doi = {10.1007/s00521-018-3690-z},
    issn = {09410643},
    keywords = {Cuckoo search optimization (CSO), Data mining, Neural network (NN), Particle swarm optimization (PSO), Sensor fault, Support vector machine (SVM), Wind turbine}
}

@article{N_1_WIND,
    title = {{Fault diagnosis for a wind turbine transmission system based on manifold learning and Shannon wavelet support vector machine}},
    year = {2014},
    journal = {Renewable Energy},
    author = {Tang, Baoping and Song, Tao and Li, Feng and Deng, Lei},
    month = {2},
    pages = {1--9},
    volume = {62},
    doi = {10.1016/j.renene.2013.06.025},
    issn = {09601481},
    keywords = {Fault diagnosis, Manifold learning, Orthogonal neighborhood preserving embedding (ONPE), Shannon wavelet support vector machine, Wind turbine transmission system}
}

@article{N_4_WIND,
    title = {{Feature selection algorithms for wind turbine failure prediction}},
    year = {2019},
    journal = {Energies},
    author = {Marti-Puig, Pere and Blanco, Alejandro M. and C{\'{a}}rdenas, Juan José and Cusid{\'{o}}, Jordi and Sol{\'{e}}-Casals, Jordi},
    number = {3},
    month = {1},
    volume = {12},
    publisher = {MDPI AG},
    doi = {10.3390/en12030453},
    issn = {19961073},
    keywords = {Condition monitoring, Failure prediction, Feature selection, Health monitoring, SCADA data, Sensing systems, Wind energy, Wind farms}
}

@article{OLD_3_GENERAL,
    title = {{Funding renewable energy: An analysis of renewable portfolio standards}},
    year = {2017},
    journal = {Energy Economics},
    author = {Upton, Gregory B. and Snyder, Brian F.},
    month = {8},
    pages = {205--216},
    volume = {66},
    publisher = {Elsevier B.V.},
    doi = {10.1016/j.eneco.2017.06.003},
    issn = {01409883},
    keywords = {Energy policy, Environmental policy, Renewable energy, Renewable portfolio standards}
}

@misc{IBM_ML,
    title = {{IBM - Deep Learning}},
    year = {2020},
    author = {{IBM Cloud Education}},
    month = {5},
    url = {https://www.ibm.com/cloud/learn/deep-learning}
}

@misc{OLD_BoP,
    title = {{IFS Solutions - BoP Definition}},
    url = {https://ifsolutions.com/what-is-balance-of-plant-in-power-plants/}
}

@inproceedings{N_5_WIND,
    title = {{Logistic regression and feature extraction based fault diagnosis of main bearing of wind turbines}},
    year = {2016},
    booktitle = {Proceedings of the 2016 IEEE 11th Conference on Industrial Electronics and Applications, ICIEA 2016},
    author = {Bodla, Muhammad Kamran and Malik, Sarmad Majeed and Rasheed, Muhammad Tahir and Numan, Muhammad and Ali, Muhammad Zeeshan and Brima, Jimmy Baimba},
    month = {10},
    pages = {1628--1633},
    publisher = {Institute of Electrical and Electronics Engineers Inc.},
    isbn = {9781509026050},
    doi = {10.1109/ICIEA.2016.7603846},
    keywords = {Hilbert Huang Transformation(HHT), Logistic Regression (LR), Wind Turbine (WT), early condition monitoring, fault diagnosis, feature extraction, main bearing}
}

@inproceedings{N_7_GENERAL,
    title = {{Machine learning and optimization for predictive maintenance based on predicting failure in the next five days}},
    year = {2021},
    booktitle = {ICORES 2021 - Proceedings of the 10th International Conference on Operations Research and Enterprise Systems},
    author = {Ouda, Eman and Maalouf, Maher and Sleptchenko, Andrei},
    pages = {192--199},
    publisher = {SciTePress},
    isbn = {9789897584855},
    doi = {10.5220/0010247401920199},
    keywords = {Condition-based maintenance, Machine learning, Optimization, Predictive maintenance}
}

@misc{OLD_15_WIND,
    title = {{Machine learning methods for wind turbine condition monitoring: A review}},
    year = {2019},
    booktitle = {Renewable Energy},
    author = {Stetco, Adrian and Dinmohammadi, Fateme and Zhao, Xingyu and Robu, Valentin and Flynn, David and Barnes, Mike and Keane, John and Nenadic, Goran},
    month = {4},
    pages = {620--635},
    volume = {133},
    publisher = {Elsevier Ltd},
    doi = {10.1016/j.renene.2018.10.047},
    issn = {18790682},
    keywords = {Condition monitoring, Machine learning, Prognostic maintenance, Renewable energy, Wind farms}
}

@misc{SMOTE,
    title = {{Machine Learning Mistery - {\\\}SMOTE for Imbalanced Classification with Python}},
    year = {2021},
    author = {Brownlee, Jason},
    month = {3},
    url = {https://machinelearningmastery.com/smote-oversampling-for-imbalanced-classification/}
}

@misc{MLMistery_Feature_Selection,
    title = {{Machine Learning Mistery - How to Choose a Feature Selection Method For Machine Learning}},
    year = {2020},
    author = {Brownlee, Jason},
    month = {8},
    url = {https://machinelearningmastery.com/feature-selection-with-real-and-categorical-data/}
}

@misc{Machine_Learning_Mistery_Train-Test-Split,
    title = {{Machine Learning Mistery - Train-Test Split for Evaluating Machine Learning Algorithms}},
    year = {2020},
    author = {Brownlee, Jason},
    month = {8},
    url = {https://machinelearningmastery.com/train-test-split-for-evaluating-machine-learning-algorithms/}
}

@misc{ML_Deep_Learning_2,
    title = {{Machine Learning Mistery - What is Deep Learning?}},
    year = {2019},
    author = {Brownlee, Jason},
    month = {8},
    url = {https://machinelearningmastery.com/what-is-deep-learning/}
}

@misc{ML_Deep_Learning,
    title = {{Medium - A Diferen{\c{c}}a Entre Intelig{\^{e}}ncia Artificial, Machine Learning e Deep Learning}},
    year = {2016},
    author = {{Data Science Brigade}},
    month = {8},
    url = {https://medium.com/data-science-brigade/a-diferen%C3%A7a-entre-intelig%C3%AAncia-artificial-machine-learning-e-deep-learning-930b5cc2aa42}
}

@misc{ML_Alg_Analysis_2,
    title = {{Medium - Machine Learning Classification Algorithms with Codes}},
    year = {2021},
    author = {Bozkurt, Esma},
    month = {3},
    url = {https://medium.com/analytics-vidhya/machine-learning-classification-algorithms-with-codes-5a8af4491fcb}
}

@misc{MED_1,
    title = {{Medium - Machine Learning for Equipment Failure Prediction and Predictive Maintenance (PM)}},
    year = {2020},
    author = {Griffin, Shad},
    month = {7},
    url = {https://medium.com/swlh/machine-learning-for-equipment-failure-prediction-and-predictive-maintenance-pm-e72b1ce42da1}
}

@misc{Medium_Hyperparameter,
    title = {{Medium - Otimizando os hiperpar{\^{a}}metros}},
    year = {2019},
    author = {Lamblet Vaz, Arthur},
    month = {8},
    url = {https://medium.com/data-hackers/otimizando-os-hiperpar%C3%A2metros-621de5e9be37}
}

@misc{CLASSIFICATION,
    title = {{Metrics to Evaluate your Machine Learning Algorithm}},
    year = {2018},
    author = {{Aditya Mishra}},
    month = {2},
    url = {https://towardsdatascience.com/metrics-to-evaluate-your-machine-learning-algorithm-f10ba6e38234}
}

@misc{OLD_33_GENERAL,
    title = {{OurWorldInData - Renewable Energy}},
    year = {2020},
    author = {{Ritchie Hannah} and Roser, Max},
    url = {https://ourworldindata.org/renewable-energy}
}

@misc{OLD_35_WIND,
    title = {{Power Technology - Top10 Biggest Wind Farms}},
    url = {https://www.power-technology.com/features/feature-biggest-wind-farms-in-the-world-texas/}
}

@article{OLD_53_WIND,
    title = {{Predicting frequency, time-to-repair and costs of wind turbine failures}},
    year = {2020},
    journal = {Energies},
    author = {Ozturk, Samet and Fthenakis, Vasilis},
    number = {5},
    month = {3},
    volume = {13},
    publisher = {MDPI AG},
    doi = {10.3390/en13051149},
    issn = {19961073},
    keywords = {Bayesian updating, Machine learning, Maintenance, Reliability, Wind turbine}
}

@techreport{N_3_WIND,
    title = {{PREDICTIVE ANALYSIS OF WIND TURBINE FAULTS: A DATA MINING APPROACH}},
    author = {Verma, Anoop and Kusiak, Andrew},
    keywords = {Wind energy, and fault prediction, data mining}
}

@article{OLD_19_WIND,
    title = {{Real-time condition monitoring and fault detection of components based on machine-learning reconstruction model}},
    year = {2019},
    journal = {Renewable Energy},
    author = {Yang, Chunzhen and Liu, Jingquan and Zeng, Yuyun and Xie, Guangyao},
    month = {4},
    pages = {433--441},
    volume = {133},
    publisher = {Elsevier Ltd},
    doi = {10.1016/j.renene.2018.10.062},
    issn = {18790682},
    keywords = {Fault detection, Health index, Reconstruction model, Sliding-time-window, Support vector regression}
}

@article{N_6_WIND,
    title = {{SCADA data based condition monitoring of wind turbines}},
    year = {2014},
    journal = {Advances in Manufacturing},
    author = {Wang, Ke Sheng and Sharma, Vishal S. and Zhang, Zhen You},
    number = {1},
    month = {3},
    pages = {61--69},
    volume = {2},
    publisher = {Shanghai University Press},
    doi = {10.1007/s40436-014-0067-0},
    issn = {21953597},
    keywords = {Artificial intelligence (AI), Central monitoring system (CMS), Data-driven approaches, Diagnosis and prognosis of wind turbines, SCADA data}
}

@misc{Scikit-Learn,
    title = {{scikit-learn - Machine Learning in Python}},
    url = {https://scikit-learn.org/stable/index.html}
}

@article{OLD_41_WIND,
    title = {{The prediction and diagnosis of wind turbine faults}},
    year = {2011},
    journal = {Renewable Energy},
    author = {Kusiak, Andrew and Li, Wenyan},
    number = {1},
    month = {1},
    pages = {16--23},
    volume = {36},
    doi = {10.1016/j.renene.2010.05.014},
    issn = {09601481},
    keywords = {Computational modeling, Condition monitoring, Fault identification, Fault prediction, Predictive modeling, Wind turbine}
}

@misc{FCT_AA,
    title = {{Theorical Classes from "Aprendizagem Autom{\'{a}}tica" - FCT-UNL}},
    year = {2019},
    author = {Krippahl, Ludwig}
}

@misc{TDC_Train_Test_Split,
    title = {{Towards Data Science - About Train, Validation and Test Sets in Machine Learning}},
    year = {2017},
    author = {Shah, Tarang},
    month = {12},
    url = {https://towardsdatascience.com/train-validation-and-test-sets-72cb40cba9e7}
}

@misc{TDC_ChiSquared,
    title = {{Towards Data Science - Chi-Square Test for Feature Selection in Machine learning}},
    year = {2019},
    author = {kumar gajawada, sampath},
    month = {10},
    url = {https://towardsdatascience.com/chi-square-test-for-feature-selection-in-machine-learning-206b1f0b8223}
}

@misc{TDC_1,
    title = {{Towards Data Science - How to Implement Machine Learning For Predictive Maintenance}},
    year = {2019},
    author = {Gonfalonieri, Alexandre},
    month = {11},
    url = {https://towardsdatascience.com/how-to-implement-machine-learning-for-predictive-maintenance-4633cdbe4860}
}

@misc{TDC_TrainValidationTest,
    title = {{Towards Data Science - How to split data into three sets (train, validation, and test) And why?}},
    year = {2021},
    author = {Agrawal, Samarth},
    month = {5},
    url = {https://towardsdatascience.com/how-to-split-data-into-three-sets-train-validation-and-test-and-why-e50d22d3e54c}
}

@misc{ML_Data_processing,
    title = {{Towards Data Science - How to tackle any classification problem end to end {\&} choose the right classification ML algorithm.}},
    year = {2020},
    author = {Gupta, Shailaja},
    month = {2},
    url = {https://towardsdatascience.com/how-to-tackle-any-classification-problem-end-to-end-choose-the-right-classification-ml-algorithm-4d0becc6a295}
}

@misc{46_ML,
    title = {{Towards Data Science - Machine Learning | An Introduction}},
    year = {2018},
    author = {Edwards, Gavin},
    month = {11},
    url = {https://towardsdatascience.com/machine-learning-an-introduction-23b84d51e6d0}
}

@misc{CLASSIFICATIONb,
    title = {{Towards Data Science - Metrics to Evaluate your Machine Learning Algorithm}},
    year = {2018},
    author = {{Aditya Mishra}},
    month = {2},
    url = {https://towardsdatascience.com/metrics-to-evaluate-your-machine-learning-algorithm-f10ba6e38234}
}

@misc{ML_Alg_Analysis,
    title = {{Towards Data Science - Pros and cons of various Machine Learning algorithms}},
    year = {2020},
    author = {Gupta, Shailaja},
    month = {2},
    url = {https://towardsdatascience.com/pros-and-cons-of-various-classification-ml-algorithms-3b5bfb3c87d6}
}

@misc{SVM,
    title = {{Towards Data Science - Support Vector Machine — Introduction to Machine Learning Algorithms}},
    year = {2018},
    author = {Gandhi, Rohith},
    month = {6},
    url = {https://towardsdatascience.com/support-vector-machine-introduction-to-machine-learning-algorithms-934a444fca47}
}

@misc{TDC_Feature_Selection,
    title = {{Towards Data Science - Why, How and When to apply Feature Selection}},
    year = {2018},
    author = {Asaithambi, Sudharsan},
    month = {1},
    url = {https://towardsdatascience.com/why-how-and-when-to-apply-feature-selection-e9c69adfabf2}
}

@misc{OLD_31,
    title = {{TutorialsPoint - Renewable Energy Wind}},
    url = {https://www.tutorialspoint.com/renewable_energy/wind_energy_basic_theory.htm}
}

@article{OLD_44_WIND,
    title = {{Wind turbine downtime and its importance for offshore deployment}},
    year = {2011},
    journal = {Wind Energy},
    author = {Faulstich, S. and Hahn, B. and Tavner, P. J.},
    number = {3},
    month = {4},
    pages = {327--337},
    volume = {14},
    doi = {10.1002/we.421},
    issn = {10954244},
    keywords = {downtime, failure rate, mean time between failures, mean time to repair, reliability, wind turbine}
}

@inproceedings{OLD_55_WIND,
    title = {{Wind turbine failures analysis based on performances study and FMECA}},
    year = {2018},
    booktitle = {Proceedings of the 2018 International Conference on Optimization and Applications, ICOA 2018},
    author = {Bennouk, A. and Nejmi, A.},
    month = {5},
    pages = {1--6},
    publisher = {Institute of Electrical and Electronics Engineers Inc.},
    isbn = {9781538642252},
    doi = {10.1109/ICOA.2018.8370570},
    keywords = {FMECA, MAEP, Performance, WAEP, Wind turbine}
}

@article{39_WIND,
    title = {{Wind turbine fault detection and classification by means of image texture analysis}},
    year = {2018},
    journal = {Mechanical Systems and Signal Processing},
    author = {Ruiz, Magda and Mujica, Luis E. and Alf{\'{e}}rez, Santiago and Acho, Leonardo and Tutiv{\'{e}}n, Christian and Vidal, Yolanda and Rodellar, José and Pozo, Francesc},
    month = {7},
    pages = {149--167},
    volume = {107},
    publisher = {Academic Press},
    doi = {10.1016/j.ymssp.2017.12.035},
    issn = {10961216},
    keywords = {Fault classification, Fault detection, Texture analysis, Wind turbine}
}

@article{N_8_WIND,
    title = {{Wind turbine gearbox failure and remaining useful life prediction using machine learning techniques}},
    author = {Carroll, James and Koukoura, Sofia and McDonald, Alasdair and Charalambous, Anastasis and Weiss, Stephan and McArthur, Stephen},
    month = {10},
    doi = {10.1002/we.2290}
}

@article{N_2_WIND,
    title = {{Wind turbine multi-fault detection and classification based on SCADA data}},
    year = {2018},
    journal = {Energies},
    author = {Vidal, Yolanda and Pozo, Francesc and Tutiv{\'{e}}n, Christian},
    number = {11},
    month = {11},
    volume = {11},
    publisher = {MDPI AG},
    doi = {10.3390/en11113018},
    issn = {19961073},
    keywords = {(Fatigue, Aerodynamics, Structures and Turbulence) FAST code, Fault classification, Fault detection, Fault diagnosis, Principal component analysis, Support vector machines, Wind turbine}
}